<?xml version="1.0" encoding="UTF-8"?>
<collection xmlns:xsi="http://www.w3.org/2001/XMLSchema-instance" xsi:schemaLocation="http://www.loc.gov/MARC21/slim http://www.loc.gov/standards/marcxml/schema/MARC21slim.xsd" xmlns="http://www.loc.gov/MARC21/slim">
<record>
  <leader>01759cam a2200385 a 4500</leader>
  <controlfield tag="001">682869</controlfield>
  <controlfield tag="003">NNC</controlfield>
  <controlfield tag="005">20140126205507.0</controlfield>
  <controlfield tag="008">860512q19701979ir            000 0 araod</controlfield>
  <datafield tag="010" ind1=" " ind2=" ">
    <subfield code="a">   85930372 </subfield>
  </datafield>
  <datafield tag="035" ind1=" " ind2=" ">
    <subfield code="a">(OCoLC)18226975</subfield>
  </datafield>
  <datafield tag="035" ind1=" " ind2=" ">
    <subfield code="a">(OCoLC)ocm18226975</subfield>
  </datafield>
  <datafield tag="035" ind1=" " ind2=" ">
    <subfield code="a">(NNC)682869</subfield>
  </datafield>
  <datafield tag="040" ind1=" " ind2=" ">
    <subfield code="a">PAU</subfield>
    <subfield code="c">PAU</subfield>
    <subfield code="d">NNC</subfield>
  </datafield>
  <datafield tag="041" ind1="0" ind2=" ">
    <subfield code="a">araper</subfield>
  </datafield>
  <datafield tag="066" ind1=" " ind2=" ">
    <subfield code="c">(3</subfield>
    <subfield code="c">(4</subfield>
  </datafield>
  <datafield tag="090" ind1=" " ind2=" ">
    <subfield code="a">BP156</subfield>
    <subfield code="b">.G32 1970z</subfield>
  </datafield>
  <datafield tag="100" ind1="1" ind2=" ">
    <subfield code="6">880-01</subfield>
    <subfield code="a">Ghaz̤anfarī, Mahdī.</subfield>
  </datafield>
  <datafield tag="245" ind1="1" ind2="0">
    <subfield code="6">880-02</subfield>
    <subfield code="a">Khvud āmūz Lumʻah /</subfield>
    <subfield code="c">[taʾlīf-i Mahdī Ghaz̤anfarī].</subfield>
  </datafield>
  <datafield tag="250" ind1=" " ind2=" ">
    <subfield code="6">880-03</subfield>
    <subfield code="a">Chāp-i 2, bā taṣḥīḥ-i kāmīl.</subfield>
  </datafield>
  <datafield tag="260" ind1=" " ind2=" ">
    <subfield code="6">880-04</subfield>
    <subfield code="a">Tihrān :</subfield>
    <subfield code="b">Intishārāt-i Burhān,</subfield>
    <subfield code="c">[197-]</subfield>
  </datafield>
  <datafield tag="300" ind1=" " ind2=" ">
    <subfield code="a">2 v. ;</subfield>
    <subfield code="c">25 cm.</subfield>
  </datafield>
  <datafield tag="500" ind1=" " ind2=" ">
    <subfield code="a">Text in Arabic; commentary in Persian.</subfield>
  </datafield>
  <datafield tag="500" ind1=" " ind2=" ">
    <subfield code="a">Based on al-Rawḍah al-bahīyah by Zayn al-Dīn ibn ʻAlī ibn Aḥmad al-ʻĀmilī, (Shahīd al-Thānī), a commentary of al-Lumʻah al-Dimashqīyah, by Muḥammad Jamāl al-Dīn Makkī al-ʻĀmilī, (Shahīd al-Awwal)</subfield>
  </datafield>
  <datafield tag="600" ind1="1" ind2="0">
    <subfield code="a">Shahīd al-Awwal, Muḥammad ibn Makkī,</subfield>
    <subfield code="d">1333 or 1334-1380.</subfield>
    <subfield code="t">Lumʻah al-Dimashqīyah.</subfield>
  </datafield>
  <datafield tag="650" ind1=" " ind2="0">
    <subfield code="a">Islamic law.</subfield>
  </datafield>
  <datafield tag="650" ind1=" " ind2="0">
    <subfield code="a">Shīʻah.</subfield>
  </datafield>
  <datafield tag="700" ind1="1" ind2=" ">
    <subfield code="6">880-05</subfield>
    <subfield code="a">Shahīd al-Awwal, Muḥammad ibn Makkī,</subfield>
    <subfield code="d">1333 or 1334-1380.</subfield>
    <subfield code="t">Lumʻah al-Dimashqīyah.</subfield>
  </datafield>
  <datafield tag="880" ind1="1" ind2=" ">
    <subfield code="6">100-01/(3/r</subfield>
    <subfield code="a">غزنفري، مهدي.</subfield>
  </datafield>
  <datafield tag="880" ind1="1" ind2="0">
    <subfield code="6">245-02/(3/r</subfield>
    <subfield code="a">خڤد آموز لمعة /</subfield>
    <subfield code="c">[تأليف مهدي غزنفري].</subfield>
  </datafield>
  <datafield tag="880" ind1=" " ind2=" ">
    <subfield code="6">250-03/(4/r</subfield>
    <subfield code="a">چاپا 2، با تصحيحا كاميل.</subfield>
  </datafield>
  <datafield tag="880" ind1=" " ind2=" ">
    <subfield code="6">260-04/(3/r</subfield>
    <subfield code="a">تهران :</subfield>
    <subfield code="b">انتشارات برهان،</subfield>
    <subfield code="c">[197]</subfield>
  </datafield>
  <datafield tag="880" ind1="1" ind2=" ">
    <subfield code="6">700-05/(3/r</subfield>
    <subfield code="a">شهيد الاول، محمد بن مكي،</subfield>
    <subfield code="d">1333 or 1334-1380.</subfield>
    <subfield code="t">لمعة الدمشقية</subfield>
  </datafield>
  <datafield tag="955" ind1=" " ind2=" ">
    <subfield code="b">CU90323165</subfield>
    <subfield code="d">off,glx</subfield>
    <subfield code="e">BP156 .G43 1970z</subfield>
    <subfield code="v">v.1</subfield>
  </datafield>
</record>
</collection>